%YAML 1.1
%TAG !u! tag:unity3d.com,2011:
--- !u!29 &1
OcclusionCullingSettings:
  m_ObjectHideFlags: 0
  serializedVersion: 2
  m_OcclusionBakeSettings:
    smallestOccluder: 5
    smallestHole: 0.25
    backfaceThreshold: 100
  m_SceneGUID: 00000000000000000000000000000000
  m_OcclusionCullingData: {fileID: 0}
--- !u!104 &2
RenderSettings:
  m_ObjectHideFlags: 0
  serializedVersion: 9
  m_Fog: 0
  m_FogColor: {r: 0.5, g: 0.5, b: 0.5, a: 1}
  m_FogMode: 3
  m_FogDensity: 0.01
  m_LinearFogStart: 0
  m_LinearFogEnd: 300
  m_AmbientSkyColor: {r: 0.212, g: 0.227, b: 0.259, a: 1}
  m_AmbientEquatorColor: {r: 0.114, g: 0.125, b: 0.133, a: 1}
  m_AmbientGroundColor: {r: 0.047, g: 0.043, b: 0.035, a: 1}
  m_AmbientIntensity: 1
  m_AmbientMode: 3
  m_SubtractiveShadowColor: {r: 0.42, g: 0.478, b: 0.627, a: 1}
  m_SkyboxMaterial: {fileID: 0}
  m_HaloStrength: 0.5
  m_FlareStrength: 1
  m_FlareFadeSpeed: 3
  m_HaloTexture: {fileID: 0}
  m_SpotCookie: {fileID: 10001, guid: 0000000000000000e000000000000000, type: 0}
  m_DefaultReflectionMode: 0
  m_DefaultReflectionResolution: 128
  m_ReflectionBounces: 1
  m_ReflectionIntensity: 1
  m_CustomReflection: {fileID: 0}
  m_Sun: {fileID: 0}
  m_IndirectSpecularColor: {r: 0, g: 0, b: 0, a: 1}
  m_UseRadianceAmbientProbe: 0
--- !u!157 &3
LightmapSettings:
  m_ObjectHideFlags: 0
  serializedVersion: 12
  m_GIWorkflowMode: 1
  m_GISettings:
    serializedVersion: 2
    m_BounceScale: 1
    m_IndirectOutputScale: 1
    m_AlbedoBoost: 1
    m_EnvironmentLightingMode: 0
    m_EnableBakedLightmaps: 0
    m_EnableRealtimeLightmaps: 0
  m_LightmapEditorSettings:
    serializedVersion: 12
    m_Resolution: 2
    m_BakeResolution: 40
    m_AtlasSize: 1024
    m_AO: 0
    m_AOMaxDistance: 1
    m_CompAOExponent: 1
    m_CompAOExponentDirect: 0
    m_ExtractAmbientOcclusion: 0
    m_Padding: 2
    m_LightmapParameters: {fileID: 0}
    m_LightmapsBakeMode: 1
    m_TextureCompression: 1
    m_FinalGather: 0
    m_FinalGatherFiltering: 1
    m_FinalGatherRayCount: 256
    m_ReflectionCompression: 2
    m_MixedBakeMode: 2
    m_BakeBackend: 0
    m_PVRSampling: 1
    m_PVRDirectSampleCount: 32
    m_PVRSampleCount: 500
    m_PVRBounces: 2
    m_PVREnvironmentSampleCount: 500
    m_PVREnvironmentReferencePointCount: 2048
    m_PVRFilteringMode: 2
    m_PVRDenoiserTypeDirect: 0
    m_PVRDenoiserTypeIndirect: 0
    m_PVRDenoiserTypeAO: 0
    m_PVRFilterTypeDirect: 0
    m_PVRFilterTypeIndirect: 0
    m_PVRFilterTypeAO: 0
    m_PVREnvironmentMIS: 0
    m_PVRCulling: 1
    m_PVRFilteringGaussRadiusDirect: 1
    m_PVRFilteringGaussRadiusIndirect: 5
    m_PVRFilteringGaussRadiusAO: 2
    m_PVRFilteringAtrousPositionSigmaDirect: 0.5
    m_PVRFilteringAtrousPositionSigmaIndirect: 2
    m_PVRFilteringAtrousPositionSigmaAO: 1
    m_ExportTrainingData: 0
    m_TrainingDataDestination: TrainingData
    m_LightProbeSampleCountMultiplier: 4
  m_LightingDataAsset: {fileID: 0}
  m_LightingSettings: {fileID: 0}
--- !u!196 &4
NavMeshSettings:
  serializedVersion: 2
  m_ObjectHideFlags: 0
  m_BuildSettings:
    serializedVersion: 2
    agentTypeID: 0
    agentRadius: 0.5
    agentHeight: 2
    agentSlope: 45
    agentClimb: 0.4
    ledgeDropHeight: 0
    maxJumpAcrossDistance: 0
    minRegionArea: 2
    manualCellSize: 0
    cellSize: 0.16666667
    manualTileSize: 0
    tileSize: 256
    accuratePlacement: 0
    maxJobWorkers: 0
    preserveTilesOutsideBounds: 0
    debug:
      m_Flags: 0
  m_NavMeshData: {fileID: 0}
--- !u!4 &386032968 stripped
Transform:
  m_CorrespondingSourceObject: {fileID: 4382533426313409770, guid: e5a42560c6856194baea46879294ddd8, type: 3}
  m_PrefabInstance: {fileID: 4382533424801526168}
  m_PrefabAsset: {fileID: 0}
--- !u!1 &519420028
GameObject:
  m_ObjectHideFlags: 0
  m_CorrespondingSourceObject: {fileID: 0}
  m_PrefabInstance: {fileID: 0}
  m_PrefabAsset: {fileID: 0}
  serializedVersion: 6
  m_Component:
  - component: {fileID: 519420032}
  - component: {fileID: 519420031}
  - component: {fileID: 519420029}
  m_Layer: 0
  m_Name: Main Camera
  m_TagString: MainCamera
  m_Icon: {fileID: 0}
  m_NavMeshLayer: 0
  m_StaticEditorFlags: 0
  m_IsActive: 1
--- !u!81 &519420029
AudioListener:
  m_ObjectHideFlags: 0
  m_CorrespondingSourceObject: {fileID: 0}
  m_PrefabInstance: {fileID: 0}
  m_PrefabAsset: {fileID: 0}
  m_GameObject: {fileID: 519420028}
  m_Enabled: 1
--- !u!20 &519420031
Camera:
  m_ObjectHideFlags: 0
  m_CorrespondingSourceObject: {fileID: 0}
  m_PrefabInstance: {fileID: 0}
  m_PrefabAsset: {fileID: 0}
  m_GameObject: {fileID: 519420028}
  m_Enabled: 1
  serializedVersion: 2
  m_ClearFlags: 2
  m_BackGroundColor: {r: 0.19215687, g: 0.3019608, b: 0.4745098, a: 0}
  m_projectionMatrixMode: 1
  m_GateFitMode: 2
  m_FOVAxisMode: 0
  m_SensorSize: {x: 36, y: 24}
  m_LensShift: {x: 0, y: 0}
  m_FocalLength: 50
  m_NormalizedViewPortRect:
    serializedVersion: 2
    x: 0
    y: 0
    width: 1
    height: 1
  near clip plane: 0.3
  far clip plane: 300
  field of view: 60
  orthographic: 1
  orthographic size: 6
  m_Depth: 0
  m_CullingMask:
    serializedVersion: 2
    m_Bits: 4294967295
  m_RenderingPath: -1
  m_TargetTexture: {fileID: 0}
  m_TargetDisplay: 0
  m_TargetEye: 0
  m_HDR: 1
  m_AllowMSAA: 0
  m_AllowDynamicResolution: 0
  m_ForceIntoRT: 0
  m_OcclusionCulling: 0
  m_StereoConvergence: 10
  m_StereoSeparation: 0.022
--- !u!4 &519420032
Transform:
  m_ObjectHideFlags: 0
  m_CorrespondingSourceObject: {fileID: 0}
  m_PrefabInstance: {fileID: 0}
  m_PrefabAsset: {fileID: 0}
  m_GameObject: {fileID: 519420028}
  m_LocalRotation: {x: 0, y: 0, z: 0, w: 1}
  m_LocalPosition: {x: 0, y: 3.48, z: -1}
  m_LocalScale: {x: 1, y: 1, z: 1}
  m_Children: []
  m_Father: {fileID: 0}
  m_RootOrder: 0
  m_LocalEulerAnglesHint: {x: 0, y: 0, z: 0}
--- !u!4 &806174993 stripped
Transform:
  m_CorrespondingSourceObject: {fileID: 2015532868638831364, guid: a6bd0e99db0c3ca40bb0d1ec08f9885e, type: 3}
  m_PrefabInstance: {fileID: 2015532869006984162}
  m_PrefabAsset: {fileID: 0}
--- !u!1 &920122032
GameObject:
  m_ObjectHideFlags: 0
  m_CorrespondingSourceObject: {fileID: 0}
  m_PrefabInstance: {fileID: 0}
  m_PrefabAsset: {fileID: 0}
  serializedVersion: 6
  m_Component:
  - component: {fileID: 920122034}
  - component: {fileID: 920122033}
  m_Layer: 0
  m_Name: Main
  m_TagString: Untagged
  m_Icon: {fileID: 0}
  m_NavMeshLayer: 0
  m_StaticEditorFlags: 4294967295
  m_IsActive: 1
--- !u!114 &920122033
MonoBehaviour:
  m_ObjectHideFlags: 0
  m_CorrespondingSourceObject: {fileID: 0}
  m_PrefabInstance: {fileID: 0}
  m_PrefabAsset: {fileID: 0}
  m_GameObject: {fileID: 920122032}
  m_Enabled: 1
  m_EditorHideFlags: 0
  m_Script: {fileID: 11500000, guid: fd4f6b19dd227494b8dbba1a13717408, type: 3}
  m_Name: 
  m_EditorClassIdentifier: 
  _charAnimationSpeed: 17
  _charViews:
  - {fileID: 1513981299}
  _animState: 1
  _lvlAnimatiionSpeed: 0
--- !u!4 &920122034
Transform:
  m_ObjectHideFlags: 0
  m_CorrespondingSourceObject: {fileID: 0}
  m_PrefabInstance: {fileID: 0}
  m_PrefabAsset: {fileID: 0}
  m_GameObject: {fileID: 920122032}
  m_LocalRotation: {x: 0, y: 0, z: 0, w: 1}
  m_LocalPosition: {x: 0, y: 0, z: 0}
  m_LocalScale: {x: 1, y: 1, z: 1}
  m_Children: []
  m_Father: {fileID: 0}
  m_RootOrder: 2
  m_LocalEulerAnglesHint: {x: 0, y: 0, z: 0}
--- !u!114 &1513981299 stripped
MonoBehaviour:
  m_CorrespondingSourceObject: {fileID: 4382533426313409771, guid: e5a42560c6856194baea46879294ddd8, type: 3}
  m_PrefabInstance: {fileID: 4382533424801526168}
  m_PrefabAsset: {fileID: 0}
  m_GameObject: {fileID: 0}
  m_Enabled: 1
  m_EditorHideFlags: 0
  m_Script: {fileID: 11500000, guid: 2f47f9d4baf7ec4468a2d0416a4798fb, type: 3}
  m_Name: 
  m_EditorClassIdentifier: 
--- !u!1001 &2015532869006984162
PrefabInstance:
  m_ObjectHideFlags: 0
  serializedVersion: 2
  m_Modification:
    m_TransformParent: {fileID: 0}
    m_Modifications:
    - target: {fileID: 2015532868638831361, guid: a6bd0e99db0c3ca40bb0d1ec08f9885e, type: 3}
      propertyPath: m_Name
      value: Enemy
      objectReference: {fileID: 0}
    - target: {fileID: 2015532868638831361, guid: a6bd0e99db0c3ca40bb0d1ec08f9885e, type: 3}
      propertyPath: m_TagString
      value: Enemy
      objectReference: {fileID: 0}
    - target: {fileID: 2015532868638831364, guid: a6bd0e99db0c3ca40bb0d1ec08f9885e, type: 3}
      propertyPath: m_RootOrder
      value: 3
      objectReference: {fileID: 0}
    - target: {fileID: 2015532868638831364, guid: a6bd0e99db0c3ca40bb0d1ec08f9885e, type: 3}
      propertyPath: m_LocalPosition.x
      value: 2
      objectReference: {fileID: 0}
    - target: {fileID: 2015532868638831364, guid: a6bd0e99db0c3ca40bb0d1ec08f9885e, type: 3}
      propertyPath: m_LocalPosition.y
      value: 0
      objectReference: {fileID: 0}
    - target: {fileID: 2015532868638831364, guid: a6bd0e99db0c3ca40bb0d1ec08f9885e, type: 3}
      propertyPath: m_LocalPosition.z
      value: 0
      objectReference: {fileID: 0}
    - target: {fileID: 2015532868638831364, guid: a6bd0e99db0c3ca40bb0d1ec08f9885e, type: 3}
      propertyPath: m_LocalRotation.w
      value: 1
      objectReference: {fileID: 0}
    - target: {fileID: 2015532868638831364, guid: a6bd0e99db0c3ca40bb0d1ec08f9885e, type: 3}
      propertyPath: m_LocalRotation.x
      value: 0
      objectReference: {fileID: 0}
    - target: {fileID: 2015532868638831364, guid: a6bd0e99db0c3ca40bb0d1ec08f9885e, type: 3}
      propertyPath: m_LocalRotation.y
      value: 0
      objectReference: {fileID: 0}
    - target: {fileID: 2015532868638831364, guid: a6bd0e99db0c3ca40bb0d1ec08f9885e, type: 3}
      propertyPath: m_LocalRotation.z
      value: 0
      objectReference: {fileID: 0}
    - target: {fileID: 2015532868638831364, guid: a6bd0e99db0c3ca40bb0d1ec08f9885e, type: 3}
      propertyPath: m_LocalEulerAnglesHint.x
      value: 0
      objectReference: {fileID: 0}
    - target: {fileID: 2015532868638831364, guid: a6bd0e99db0c3ca40bb0d1ec08f9885e, type: 3}
      propertyPath: m_LocalEulerAnglesHint.y
      value: 0
      objectReference: {fileID: 0}
    - target: {fileID: 2015532868638831364, guid: a6bd0e99db0c3ca40bb0d1ec08f9885e, type: 3}
      propertyPath: m_LocalEulerAnglesHint.z
      value: 0
      objectReference: {fileID: 0}
    - target: {fileID: 2015532868638831366, guid: a6bd0e99db0c3ca40bb0d1ec08f9885e, type: 3}
      propertyPath: transform
      value: 
      objectReference: {fileID: 806174993}
    - target: {fileID: 2015532868638831367, guid: a6bd0e99db0c3ca40bb0d1ec08f9885e, type: 3}
      propertyPath: m_FlipX
      value: 0
      objectReference: {fileID: 0}
    m_RemovedComponents: []
  m_SourcePrefab: {fileID: 100100000, guid: a6bd0e99db0c3ca40bb0d1ec08f9885e, type: 3}
--- !u!1001 &4382533424801526168
PrefabInstance:
  m_ObjectHideFlags: 0
  serializedVersion: 2
  m_Modification:
    m_TransformParent: {fileID: 0}
    m_Modifications:
    - target: {fileID: 4382533426313409768, guid: e5a42560c6856194baea46879294ddd8, type: 3}
      propertyPath: m_Name
      value: Player
      objectReference: {fileID: 0}
    - target: {fileID: 4382533426313409770, guid: e5a42560c6856194baea46879294ddd8, type: 3}
      propertyPath: m_RootOrder
      value: 1
      objectReference: {fileID: 0}
    - target: {fileID: 4382533426313409770, guid: e5a42560c6856194baea46879294ddd8, type: 3}
      propertyPath: m_LocalPosition.x
      value: -2
      objectReference: {fileID: 0}
    - target: {fileID: 4382533426313409770, guid: e5a42560c6856194baea46879294ddd8, type: 3}
      propertyPath: m_LocalPosition.y
      value: 0
      objectReference: {fileID: 0}
    - target: {fileID: 4382533426313409770, guid: e5a42560c6856194baea46879294ddd8, type: 3}
      propertyPath: m_LocalPosition.z
      value: 0
      objectReference: {fileID: 0}
    - target: {fileID: 4382533426313409770, guid: e5a42560c6856194baea46879294ddd8, type: 3}
      propertyPath: m_LocalRotation.w
      value: 1
      objectReference: {fileID: 0}
    - target: {fileID: 4382533426313409770, guid: e5a42560c6856194baea46879294ddd8, type: 3}
      propertyPath: m_LocalRotation.x
      value: 0
      objectReference: {fileID: 0}
    - target: {fileID: 4382533426313409770, guid: e5a42560c6856194baea46879294ddd8, type: 3}
      propertyPath: m_LocalRotation.y
      value: 0
      objectReference: {fileID: 0}
    - target: {fileID: 4382533426313409770, guid: e5a42560c6856194baea46879294ddd8, type: 3}
      propertyPath: m_LocalRotation.z
      value: 0
      objectReference: {fileID: 0}
    - target: {fileID: 4382533426313409770, guid: e5a42560c6856194baea46879294ddd8, type: 3}
      propertyPath: m_LocalEulerAnglesHint.x
      value: 0
      objectReference: {fileID: 0}
    - target: {fileID: 4382533426313409770, guid: e5a42560c6856194baea46879294ddd8, type: 3}
      propertyPath: m_LocalEulerAnglesHint.y
      value: 0
      objectReference: {fileID: 0}
    - target: {fileID: 4382533426313409770, guid: e5a42560c6856194baea46879294ddd8, type: 3}
      propertyPath: m_LocalEulerAnglesHint.z
      value: 0
      objectReference: {fileID: 0}
    - target: {fileID: 4382533426313409771, guid: e5a42560c6856194baea46879294ddd8, type: 3}
      propertyPath: transform
      value: 
      objectReference: {fileID: 386032968}
    m_RemovedComponents: []
  m_SourcePrefab: {fileID: 100100000, guid: e5a42560c6856194baea46879294ddd8, type: 3}
--- !u!1001 &8870393596029707453
PrefabInstance:
  m_ObjectHideFlags: 0
  serializedVersion: 2
  m_Modification:
    m_TransformParent: {fileID: 0}
    m_Modifications:
    - target: {fileID: 8870393594371861528, guid: 6d12298bffe28b64f9f2dca1ffd2c5f7, type: 3}
      propertyPath: m_IsActive
      value: 1
      objectReference: {fileID: 0}
    - target: {fileID: 8870393594508739662, guid: 6d12298bffe28b64f9f2dca1ffd2c5f7, type: 3}
      propertyPath: m_SortingOrder
      value: -1
      objectReference: {fileID: 0}
    - target: {fileID: 8870393594727582536, guid: 6d12298bffe28b64f9f2dca1ffd2c5f7, type: 3}
      propertyPath: m_IsActive
      value: 1
      objectReference: {fileID: 0}
    - target: {fileID: 8870393594764055773, guid: 6d12298bffe28b64f9f2dca1ffd2c5f7, type: 3}
      propertyPath: m_IsActive
      value: 1
      objectReference: {fileID: 0}
    - target: {fileID: 8870393594813216256, guid: 6d12298bffe28b64f9f2dca1ffd2c5f7, type: 3}
      propertyPath: m_SortingOrder
      value: -1
      objectReference: {fileID: 0}
    - target: {fileID: 8870393594870093433, guid: 6d12298bffe28b64f9f2dca1ffd2c5f7, type: 3}
      propertyPath: m_IsActive
      value: 1
      objectReference: {fileID: 0}
    - target: {fileID: 8870393595119212105, guid: 6d12298bffe28b64f9f2dca1ffd2c5f7, type: 3}
      propertyPath: m_SortingOrder
      value: -1
      objectReference: {fileID: 0}
    - target: {fileID: 8870393595219599569, guid: 6d12298bffe28b64f9f2dca1ffd2c5f7, type: 3}
      propertyPath: m_SortingOrder
      value: -1
      objectReference: {fileID: 0}
    - target: {fileID: 8870393595575812293, guid: 6d12298bffe28b64f9f2dca1ffd2c5f7, type: 3}
      propertyPath: m_Name
      value: Layer_0
      objectReference: {fileID: 0}
    - target: {fileID: 8870393595591049517, guid: 6d12298bffe28b64f9f2dca1ffd2c5f7, type: 3}
      propertyPath: m_IsActive
      value: 1
      objectReference: {fileID: 0}
    - target: {fileID: 8870393595602207391, guid: 6d12298bffe28b64f9f2dca1ffd2c5f7, type: 3}
      propertyPath: m_IsActive
      value: 1
      objectReference: {fileID: 0}
    - target: {fileID: 8870393595791418132, guid: 6d12298bffe28b64f9f2dca1ffd2c5f7, type: 3}
      propertyPath: m_RootOrder
      value: 4
      objectReference: {fileID: 0}
    - target: {fileID: 8870393595791418132, guid: 6d12298bffe28b64f9f2dca1ffd2c5f7, type: 3}
      propertyPath: m_LocalPosition.x
      value: 0
      objectReference: {fileID: 0}
    - target: {fileID: 8870393595791418132, guid: 6d12298bffe28b64f9f2dca1ffd2c5f7, type: 3}
      propertyPath: m_LocalPosition.y
      value: 3.48
      objectReference: {fileID: 0}
    - target: {fileID: 8870393595791418132, guid: 6d12298bffe28b64f9f2dca1ffd2c5f7, type: 3}
      propertyPath: m_LocalPosition.z
      value: 0
      objectReference: {fileID: 0}
    - target: {fileID: 8870393595791418132, guid: 6d12298bffe28b64f9f2dca1ffd2c5f7, type: 3}
      propertyPath: m_LocalRotation.w
      value: 1
      objectReference: {fileID: 0}
    - target: {fileID: 8870393595791418132, guid: 6d12298bffe28b64f9f2dca1ffd2c5f7, type: 3}
      propertyPath: m_LocalRotation.x
      value: 0
      objectReference: {fileID: 0}
    - target: {fileID: 8870393595791418132, guid: 6d12298bffe28b64f9f2dca1ffd2c5f7, type: 3}
      propertyPath: m_LocalRotation.y
      value: 0
      objectReference: {fileID: 0}
    - target: {fileID: 8870393595791418132, guid: 6d12298bffe28b64f9f2dca1ffd2c5f7, type: 3}
      propertyPath: m_LocalRotation.z
      value: 0
      objectReference: {fileID: 0}
    - target: {fileID: 8870393595791418132, guid: 6d12298bffe28b64f9f2dca1ffd2c5f7, type: 3}
      propertyPath: m_LocalEulerAnglesHint.x
      value: 0
      objectReference: {fileID: 0}
    - target: {fileID: 8870393595791418132, guid: 6d12298bffe28b64f9f2dca1ffd2c5f7, type: 3}
      propertyPath: m_LocalEulerAnglesHint.y
      value: 0
      objectReference: {fileID: 0}
    - target: {fileID: 8870393595791418132, guid: 6d12298bffe28b64f9f2dca1ffd2c5f7, type: 3}
      propertyPath: m_LocalEulerAnglesHint.z
      value: 0
      objectReference: {fileID: 0}
    - target: {fileID: 8870393595791418133, guid: 6d12298bffe28b64f9f2dca1ffd2c5f7, type: 3}
      propertyPath: m_Name
      value: LevelView
      objectReference: {fileID: 0}
    - target: {fileID: 8870393595936074883, guid: 6d12298bffe28b64f9f2dca1ffd2c5f7, type: 3}
      propertyPath: m_IsActive
      value: 1
      objectReference: {fileID: 0}
    - target: {fileID: 8870393596091320093, guid: 6d12298bffe28b64f9f2dca1ffd2c5f7, type: 3}
      propertyPath: m_IsActive
      value: 1
      objectReference: {fileID: 0}
    - target: {fileID: 8870393596296673016, guid: 6d12298bffe28b64f9f2dca1ffd2c5f7, type: 3}
      propertyPath: m_Name
      value: Layer_0_1
      objectReference: {fileID: 0}
    - target: {fileID: 8870393596296673019, guid: 6d12298bffe28b64f9f2dca1ffd2c5f7, type: 3}
      propertyPath: m_LocalPosition.x
      value: 28
      objectReference: {fileID: 0}
    m_RemovedComponents: []
  m_SourcePrefab: {fileID: 100100000, guid: 6d12298bffe28b64f9f2dca1ffd2c5f7, type: 3}
